<record><leader>00000cas a22000007a 4500</leader><controlfield tag="001">11156444</controlfield><controlfield tag="008">840915d18691873inuwr ne      0    0eng d</controlfield><datafield ind1=" " ind2=" " tag="010"><subfield code="a">sn 84027491 </subfield></datafield><datafield ind1=" " ind2=" " tag="040"><subfield code="a">NPU</subfield><subfield code="b">eng</subfield><subfield code="c">NPU</subfield><subfield code="d">NPI</subfield><subfield code="d">OCLCQ</subfield></datafield><datafield ind1=" " ind2=" " tag="042"><subfield code="a">msc</subfield></datafield><datafield ind1="0" ind2=" " tag="130"><subfield code="a">Newton County Democrat (Kentland, Ind.)</subfield></datafield><datafield ind1="1" ind2="0" tag="245"><subfield code="a">Newton County Democrat.</subfield></datafield><datafield ind1=" " ind2=" " tag="260"><subfield code="a">Kentland, Ind. :</subfield><subfield code="b">Spotswood &amp; Howard,</subfield><subfield code="c">1869-1873.</subfield></datafield><datafield ind1=" " ind2=" " tag="310"><subfield code="a">Weekly</subfield></datafield><datafield ind1="0" ind2=" " tag="362"><subfield code="a">Vol. 2, no. 22 (May 13, 1869)-v. 6, no. 30 (July 17, 1873).</subfield></datafield><datafield ind1=" " ind2=" " tag="500"><subfield code="a">Published every Thursday.</subfield></datafield><datafield ind1=" " ind2=" " tag="752"><subfield code="a">United States</subfield><subfield code="b">Indiana</subfield><subfield code="c">Newton</subfield><subfield code="d">Kentland.</subfield></datafield><datafield ind1="0" ind2="0" tag="780"><subfield code="t">Newton Democrat (Kent Station, Ind.)</subfield><subfield code="w">(DLC)sn 86059197</subfield></datafield></record>